@book{shalev,
  title={Understanding Machine Learning: From Theory to Algorithms},
  author={Shalev-Shwartz, S. and Ben-David, S.},
  isbn={9781107057135},
  lccn={2014001779},
  series={Understanding Machine Learning: From Theory to Algorithms},
  url={https://books.google.com.br/books?id=ttJkAwAAQBAJ},
  year={2014},
  publisher={Cambridge University Press}
}
